@Comment{
ebib-main-file: /home/gebbie/.config/texmf/bibtex/bib/main.bib
}

@Preamble{ " \newcommand{\noop}[1]{} " }

@String{ajmfr = {Aus. J. Mar. Fr. Res.}}
@String{amb = {Adv. Mar. Biol.}}
@String{amm = {Aust. Met. Mag.}}
@String{ammo = {Appl. Math. Modelling}}
@String{ao = {Atmosphere-Ocean}}
@String{arfm = {Ann. Rev. Fluid Mech.}}
@String{bams = {Bull. Amer. Meteor. Soc.}}
@String{cd = {Clim. Dyn.}}
@String{csr = {Cont. Shelf Res.}}
@String{dao = {Dyn. Atmos. Oceans}}
@String{dsr = {Deep Sea Res.}}
@String{eos = {EOS, Trans., Amer. Geophys. Union}}
@String{epsl = {Earth Planet. Sci. Lett.}}
@String{gafd = {Geophys. Astrophys. Fluid Dyn.}}
@String{gbc = {Global Biogeochem. Cycles}}
@String{gca = {Geochim. Cosmochim. Acta}}
@String{grl = {Geophys. Res. Lett.}}
@String{ijnmf = {Int. J. Num. Meth. Fluids}}
@String{inprep = {in preparation}}
@String{inpress = {in press}}
@String{jam = {J. Appl. Meteor.}}
@String{jaot = {J. Atmos. Ocean Tech.}}
@String{jas = {J. Atmos. Sci.}}
@String{jcl = {J. Climate}}
@String{jcp = {J. Comp. Phys.}}
@String{jfm = {J. Fluid Mech.}}
@String{jglac = {J. of Glaciology}}
@String{jgr = {J. Geophys. Res.}}
@String{jmr = {J. Mar. Res.}}
@String{jms = {J. Mar. Sys.}}
@String{joc = {J. Climate}}
@String{jpo = {J. Phys. Oceanogr.}}
@String{jpr = {J. Plankton. Res.}}
@String{jpy = {J. Phycol}}
@String{lo = {Limnol. Oceanog.}}
@String{mc = {Mar. Chem.}}
@String{meps = {Marine Ecology Progress Series}}
@String{mwr = {Mon. Weath. Rev.}}
@String{nat = {Nature}}
@String{nature = {Nature}}
@String{oc = {Oceanography}}
@String{ocac = {Oceanologica Acta}}
@String{paleo = {Paleoceanography}}
@String{pg = {Prog. Oceanogr.}}
@String{pnas = {Proc. Natl. Acad. Sci. U.S.A.}}
@String{po = {Prog. Oceanogr.}}
@String{ppp = {Paleonogr. Paleoclim. Paleoecol.}}
@String{ptrsl = {Phil. Trans. R. Soc. Lond.}}
@String{ptrsla = {Philos. Trans. Roy. Soc. London A}}
@String{ptrslb = {Philos. Trans. Roy. Soc. London B}}
@String{qjrms = {Q. J. R. Meteorol. Soc.}}
@String{qr = {Quat. Res.}}
@String{qsr = {Quat. Sci. Rev.}}
@String{rg = {Rev. Geophys.}}
@String{rgs = {Rev. of Geophys. and Space Phys.}}
@String{sci = {Science}}
@String{tel = {Tellus}}

@ARTICLE{Gebbie-Huybers-2012:mean,
	author = {Geoffrey Gebbie and Peter Huybers},
	title = {The mean age of ocean waters inferred from radiocarbon observations:
	sensitivity to surface sources and accounting for mixing histories},
	journal = {J. Phys. Oceanogr.},
	year = {2012},
	volume = {42 (2)},
	pages = {291-305},
	bdsk-file-1 = {YnBsaXN0MDDUAQIDBAUIJidUJHRvcFgkb2JqZWN0c1gkdmVyc2lvblkkYXJjaGl2ZXLRBgdUcm9vdIABqAkKFRYXGyIjVSRudWxs0wsMDQ4RFFpOUy5vYmplY3RzV05TLmtleXNWJGNsYXNzog8QgASABqISE4ACgAOAB1lhbGlhc0RhdGFccmVsYXRpdmVQYXRo0hgNGRpXTlMuZGF0YU8RAbQAAAAAAbQAAgAADE1hY2ludG9zaCBIRAAAAAAAAAAAAAAAAAAAAMZpO3hIKwAAABU+0xdHZWJiaWUtSHV5YmVycy0yMDEyLnBkZgAAAAAAAAAAAAAAAAAAAAAAAAAAAAAAAAAAAAAAAAAAAAAAAAAAAAAAsek9y3VO21BERiBDQVJPAAMAAgAACSAAAAAAAAAAAAAAAAAAAAAQU2NpZW50aWZpY1BhcGVycwAQAAgAAMZpc7gAAAARAAgAAMt1lSsAAAABAAwAFT7TAAqaVAAAhe0AAgBCTWFjaW50b3NoIEhEOlVzZXJzOmdlYmJpZTpTY2llbnRpZmljUGFwZXJzOkdlYmJpZS1IdXliZXJzLTIwMTIucGRmAA4AMAAXAEcAZQBiAGIAaQBlAC0ASAB1AHkAYgBlAHIAcwAtADIAMAAxADIALgBwAGQAZgAPABoADABNAGEAYwBpAG4AdABvAHMAaAAgAEgARAASADVVc2Vycy9nZWJiaWUvU2NpZW50aWZpY1BhcGVycy9HZWJiaWUtSHV5YmVycy0yMDEyLnBkZgAAEwABLwAAFQACAA3//wAAgAXSHB0eH1gkY2xhc3Nlc1okY2xhc3NuYW1lox8gIV1OU011dGFibGVEYXRhVk5TRGF0YVhOU09iamVjdF8QMS4uLy4uLy4uL1NjaWVudGlmaWNQYXBlcnMvR2ViYmllLUh1eWJlcnMtMjAxMi5wZGbSHB0kJaIlIVxOU0RpY3Rpb25hcnkSAAGGoF8QD05TS2V5ZWRBcmNoaXZlcgAIABEAFgAfACgAMgA1ADoAPABFAEsAUgBdAGUAbABvAHEAcwB2AHgAegB8AIYAkwCYAKACWAJaAl8CaAJzAncChQKMApUCyQLOAtEC3gLjAAAAAAAAAgEAAAAAAAAAKAAAAAAAAAAAAAAAAAAAAvU=},
	date-added = {2011-02-22 10:05:42 -0500},
	date-modified = {2012-03-01 16:11:36 -0500},
	doi = {10.1175/JPO-D-11-043.1},
	file = {:Gebbie-Huybers-2012.pdf:PDF},
	keywords = {DOI: 10.1175/JPO-D-11-043.1},
	owner = {gebbie},
	timestamp = {2015.12.29}
}

@ARTICLE{Gebbie-Huybers-2019:Little,
	author = {Geoffrey Gebbie and Peter Huybers},
	title = {The {L}ittle {I}ce {A}ge and 20th-century deep {P}acific cooling},
	journal = {Science},
	year = {2019},
	volume = {363},
	pages = {70--74},
	number = {6422},
	doi = {10.1126/science.aar8413},
	publisher = {American Association for the Advancement of Science},
	timestamp = {2019.01.24}
}

@ARTICLE{Hakim-Emile-Geay-2016:last,
	author = {Hakim, Gregory J and Emile-Geay, Julien and Steig, Eric J and Noone,
	David and Anderson, David M and Tardif, Robert and Steiger, Nathan
	and Perkins, Walter A},
	title = {The last millennium climate reanalysis project: Framework and first
	results},
	journal = {Journal of Geophysical Research: Atmospheres},
	year = {2016},
	volume = {121},
	pages = {6745--6764},
	number = {12},
	publisher = {Wiley Online Library},
	timestamp = {2019.02.22}
}

@ARTICLE{Hall-Haine-2002:ocean,
	author = {Hall, T.M. and Haine, T.W.N.},
	title = {On ocean transport diagnostics: The idealized age tracer and the
	age spectrum},
	journal = {Journal of Physical Oceanography},
	year = {2002},
	volume = {32},
	pages = {1987--1991},
	bdsk-file-1 = {YnBsaXN0MDDUAQIDBAUIJidUJHRvcFgkb2JqZWN0c1gkdmVyc2lvblkkYXJjaGl2ZXLRBgdUcm9vdIABqAkKFRYXGyIjVSRudWxs0wsMDQ4RFFpOUy5vYmplY3RzV05TLmtleXNWJGNsYXNzog8QgASABqISE4ACgAOAB1lhbGlhc0RhdGFccmVsYXRpdmVQYXRo0hgNGRpXTlMuZGF0YU8RAaQAAAAAAaQAAgAADE1hY2ludG9zaCBIRAAAAAAAAAAAAAAAAAAAAMZpO3hIKwAAABU+0xNIYWxsLUhhaW5lLTIwMDIucGRmAAAAAAAAAAAAAAAAAAAAAAAAAAAAAAAAAAAAAAAAAAAAAAAAAAAAAAAAAAAAK1mfyHR7pAAAAAAAAAAAAAMAAgAACSAAAAAAAAAAAAAAAAAAAAAQU2NpZW50aWZpY1BhcGVycwAQAAgAAMZpc7gAAAARAAgAAMh0s+QAAAABAAwAFT7TAAqaVAAAhe0AAgA+TWFjaW50b3NoIEhEOlVzZXJzOmdlYmJpZTpTY2llbnRpZmljUGFwZXJzOkhhbGwtSGFpbmUtMjAwMi5wZGYADgAoABMASABhAGwAbAAtAEgAYQBpAG4AZQAtADIAMAAwADIALgBwAGQAZgAPABoADABNAGEAYwBpAG4AdABvAHMAaAAgAEgARAASADFVc2Vycy9nZWJiaWUvU2NpZW50aWZpY1BhcGVycy9IYWxsLUhhaW5lLTIwMDIucGRmAAATAAEvAAAVAAIADf//AACABdIcHR4fWCRjbGFzc2VzWiRjbGFzc25hbWWjHyAhXU5TTXV0YWJsZURhdGFWTlNEYXRhWE5TT2JqZWN0XxAtLi4vLi4vLi4vU2NpZW50aWZpY1BhcGVycy9IYWxsLUhhaW5lLTIwMDIucGRm0hwdJCWiJSFcTlNEaWN0aW9uYXJ5EgABhqBfEA9OU0tleWVkQXJjaGl2ZXIACAARABYAHwAoADIANQA6ADwARQBLAFIAXQBlAGwAbwBxAHMAdgB4AHoAfACGAJMAmACgAkgCSgJPAlgCYwJnAnUCfAKFArUCugK9AsoCzwAAAAAAAAIBAAAAAAAAACgAAAAAAAAAAAAAAAAAAALh},
	date-added = {2010-07-27 11:59:44 -0400},
	date-modified = {2010-07-27 12:04:22 -0400},
	owner = {gebbie},
	timestamp = {2015.12.29}
}

@ARTICLE{Huybers-Curry-2006:Links,
	author = {P. Huybers and W. Curry},
	title = {Links between annual, Milankovitch and continuum temperature variability},
	journal = NATURE,
	year = {2006},
	volume = {442},
	pages = {xx},
	number = {doi:10.1038/nature04745},
	owner = {gebbie},
	timestamp = {2013.11.05}
}

@BOOK{IOC-2010:TEOS,
	title = {The international thermodynamic equation of seawater--2010: Calculation
	and use of thermodynamic properties},
	publisher = {{I}ntergovernmental {O}ceanographic {C}ommission, {M}anuals and {G}uides
	No. 56, UNESCO (English)},
	year = {2010},
	author = {{IOC, SCOR, and IAPSO}},
	pages = {196},
	owner = {gebbie},
	timestamp = {2013.11.13}
}

@ARTICLE{Johnson--2008:Quantifying,
	author = {G. C. Johnson},
	title = {Quantifying {A}ntarctic {B}ottom {W}ater and {N}orth {A}tlantic {D}eep
	{W}ater volumes},
	journal = {Journal of Geophysical Research-oceans},
	year = {2008},
	volume = {113},
	number = {C5},
	month = {may 23},
	file = {Johnson-2008.pdf:Johnson-2008.pdf:PDF},
	issn = {0148-0227},
	owner = {gebbie},
	timestamp = {2015.12.29}
}

@ARTICLE{Khatiwala-Visbeck-2001:Age,
	author = {S. Khatiwala and M. Visbeck and P. Schlosser},
	title = {Age tracers in an ocean {GCM}},
	journal = {Deep-Sea Research {I}},
	year = {2001},
	volume = {48},
	pages = {1423-1441},
	number = {6},
	month = jun,
	bdsk-file-1 = {YnBsaXN0MDDUAQIDBAUIJidUJHRvcFgkb2JqZWN0c1gkdmVyc2lvblkkYXJjaGl2ZXLRBgdUcm9vdIABqAkKFRYXGyIjVSRudWxs0wsMDQ4RFFpOUy5vYmplY3RzV05TLmtleXNWJGNsYXNzog8QgASABqISE4ACgAOAB1lhbGlhc0RhdGFccmVsYXRpdmVQYXRo0hgNGRpXTlMuZGF0YU8RAcAAAAAAAcAAAgAADE1hY2ludG9zaCBIRAAAAAAAAAAAAAAAAAAAAMZpO3hIKwAAABU+0xpLaGF0aXdhbGEtVmlzYmVjay0yMDAxLnBkZgAAAAAAAAAAAAAAAAAAAAAAAAAAAAAAAAAAAAAAAAAAAAAAAAAAagNptsLYawAAAAAAAAAAAAMAAgAACSAAAAAAAAAAAAAAAAAAAAAQU2NpZW50aWZpY1BhcGVycwAQAAgAAMZpc7gAAAARAAgAALbDHrsAAAABAAwAFT7TAAqaVAAAhe0AAgBFTWFjaW50b3NoIEhEOlVzZXJzOmdlYmJpZTpTY2llbnRpZmljUGFwZXJzOktoYXRpd2FsYS1WaXNiZWNrLTIwMDEucGRmAAAOADYAGgBLAGgAYQB0AGkAdwBhAGwAYQAtAFYAaQBzAGIAZQBjAGsALQAyADAAMAAxAC4AcABkAGYADwAaAAwATQBhAGMAaQBuAHQAbwBzAGgAIABIAEQAEgA4VXNlcnMvZ2ViYmllL1NjaWVudGlmaWNQYXBlcnMvS2hhdGl3YWxhLVZpc2JlY2stMjAwMS5wZGYAEwABLwAAFQACAA3//wAAgAXSHB0eH1gkY2xhc3Nlc1okY2xhc3NuYW1lox8gIV1OU011dGFibGVEYXRhVk5TRGF0YVhOU09iamVjdF8QNC4uLy4uLy4uL1NjaWVudGlmaWNQYXBlcnMvS2hhdGl3YWxhLVZpc2JlY2stMjAwMS5wZGbSHB0kJaIlIVxOU0RpY3Rpb25hcnkSAAGGoF8QD05TS2V5ZWRBcmNoaXZlcgAIABEAFgAfACgAMgA1ADoAPABFAEsAUgBdAGUAbABvAHEAcwB2AHgAegB8AIYAkwCYAKACZAJmAmsCdAJ/AoMCkQKYAqEC2ALdAuAC7QLyAAAAAAAAAgEAAAAAAAAAKAAAAAAAAAAAAAAAAAAAAwQ=},
	date-modified = {2010-03-06 14:27:27 -0500},
	owner = {gebbie},
	timestamp = {2015.12.29}
}

@ARTICLE{Paasche-Bakke-2010:Defining,
	author = {Paasche, {\O}yvind and Bakke, Jostein},
	title = {Defining the {L}ittle {I}ce {A}ge},
	journal = {Climate of the Past Discussions},
	year = {2010},
	volume = {6},
	pages = {2159--2175},
	number = {5},
	publisher = {Copernicus GmbH},
	timestamp = {2018.06.19}
}

@article{Pickart2002,
	timestamp = {2022-08-06 17:11:49 (EDT)},
	author = {Pickart, R. S. and Torres, D. J. and Clarke, R. A.},
	title = {{Hydrography of the Labrador Sea during active convection}},
	journal = {Journal of Physical Oceanography},
	volume = {32},
	number = {2},
	pages = {428-457},
	DOI = {10.1175/1520-0485(2002)032<0428:hotlsd>2.0.co;2},
	year = {2002}
}

@ARTICLE{Scheen-Stocker-2020:Effect,
	author = {Scheen, Jeemijn and Stocker, Thomas F},
	title = {Effect of changing ocean circulation on deep ocean temperature in
	the last millennium},
	journal = {Earth System Dynamics Discussions},
	year = {2020},
	pages = {1--36},
	publisher = {Copernicus GmbH}
}

@BOOK{Wunsch-2006:Discrete,
	title = {Discrete Inverse and State Estimation Problems. With Geophysical
	Fluid Applications},
	publisher = {Cambridge University Press},
	year = {2006},
	author = {Carl Wunsch},
	address = {Cambridge, UK},
	bdsk-file-1 = {YnBsaXN0MDDUAQIDBAUIJidUJHRvcFgkb2JqZWN0c1gkdmVyc2lvblkkYXJjaGl2ZXLRBgdUcm9vdIABqAkKFRYXGyIjVSRudWxs0wsMDQ4RFFpOUy5vYmplY3RzV05TLmtleXNWJGNsYXNzog8QgASABqISE4ACgAOAB1lhbGlhc0RhdGFccmVsYXRpdmVQYXRo0hgNGRpXTlMuZGF0YU8RAZgAAAAAAZgAAgAADE1hY2ludG9zaCBIRAAAAAAAAAAAAAAAAAAAAMZpO3hIKwAAABU+0xBXdW5zY2gtMjAxMGEucGRmAAAAAAAAAAAAAAAAAAAAAAAAAAAAAAAAAAAAAAAAAAAAAAAAAAAAAAAAAAAAAAAApgAGy16dfwAAAAAAAAAAAAMAAgAACSAAAAAAAAAAAAAAAAAAAAAQU2NpZW50aWZpY1BhcGVycwAQAAgAAMZpc7gAAAARAAgAAMte488AAAABAAwAFT7TAAqaVAAAhe0AAgA7TWFjaW50b3NoIEhEOlVzZXJzOmdlYmJpZTpTY2llbnRpZmljUGFwZXJzOld1bnNjaC0yMDEwYS5wZGYAAA4AIgAQAFcAdQBuAHMAYwBoAC0AMgAwADEAMABhAC4AcABkAGYADwAaAAwATQBhAGMAaQBuAHQAbwBzAGgAIABIAEQAEgAuVXNlcnMvZ2ViYmllL1NjaWVudGlmaWNQYXBlcnMvV3Vuc2NoLTIwMTBhLnBkZgATAAEvAAAVAAIADf//AACABdIcHR4fWCRjbGFzc2VzWiRjbGFzc25hbWWjHyAhXU5TTXV0YWJsZURhdGFWTlNEYXRhWE5TT2JqZWN0XxAqLi4vLi4vLi4vU2NpZW50aWZpY1BhcGVycy9XdW5zY2gtMjAxMGEucGRm0hwdJCWiJSFcTlNEaWN0aW9uYXJ5EgABhqBfEA9OU0tleWVkQXJjaGl2ZXIACAARABYAHwAoADIANQA6ADwARQBLAFIAXQBlAGwAbwBxAHMAdgB4AHoAfACGAJMAmACgAjwCPgJDAkwCVwJbAmkCcAJ5AqYCqwKuArsCwAAAAAAAAAIBAAAAAAAAACgAAAAAAAAAAAAAAAAAAALS},
	date-added = {2012-02-13 10:59:32 -0500},
	date-modified = {2012-02-13 11:00:19 -0500},
	owner = {gebbie},
	timestamp = {2015.12.29}
}

